@article{SV88:1,
  doi = {10.1137/0217079},
  url = {https://doi.org/10.1137/0217079},
  year  = {1988},
  month = {dec},
  publisher = {Society for Industrial {\&} Applied Mathematics ({SIAM})},
  volume = {17},
  number = {6},
  pages = {1253--1262},
  author = {Baruch Schieber and Uzi Vishkin},
  title = {On Finding Lowest Common Ancestors: Simplification and Parallelization},
  journal = {{SIAM} Journal on Computing}
}
@inproceedings{TV84:1,
  author = {Tarjan, Robert and Vishkin, Uzi},
  year = {1984},
  month = {01},
  pages = {12-20},
  title = {Finding Biconnected Components and Computing Tree Functions in Logarithmic Parallel Time (Extended Summary)},
  booktitle = {Annual Symposium on Foundations of Computer Science (Proceedings)}
}
@Misc{moderngpu:1,
  author={Sean Baxter},
  title={Moderngpu},
  version={2.0},
  date={2016-05-15},
  url={https://github.com/moderngpu/moderngpu},
  publisher = {GitHub},
  journal = {GitHub repository},
  howpublished = {\url{https://github.com/moderngpu/moderngpu}, version 2.0, last accessed on 10.06.2018},
}
@inproceedings{ZW10:1,
  doi = {10.1109/ipdps.2010.5470455},
  url = {https://doi.org/10.1109/ipdps.2010.5470455},
  year  = {2010},
  month = {apr},
  pages = {1-8},
  publisher = {{IEEE}},
  author = {Zheng Wei and Joseph JaJa},
  title = {Optimization of linked list prefix computations on multithreaded {GPUs} using {CUDA}},
  booktitle = {2010 {IEEE} International Symposium on Parallel {\&} Distributed Processing ({IPDPS})}
}
@article{HT84:1,
  doi = {10.1137/0213024},
  url = {https://doi.org/10.1137/0213024},
  year  = {1984},
  month = {may},
  publisher = {Society for Industrial {\&} Applied Mathematics ({SIAM})},
  volume = {13},
  number = {2},
  pages = {338--355},
  author = {Dov Harel and Robert Endre Tarjan},
  title = {Fast Algorithms for Finding Nearest Common Ancestors},
  journal = {{SIAM} Journal on Computing}
}
@incollection{BC00,
  doi = {10.1007/10719839_9},
  url = {https://doi.org/10.1007/10719839_9},
  year  = {2000},
  publisher = {Springer Berlin Heidelberg},
  pages = {88--94},
  author = {Michael A. Bender and Mart{\'{\i}}n Farach-Colton},
  title = {The {LCA} Problem Revisited},
  booktitle = {Lecture Notes in Computer Science}
}
@inproceedings{KK95:1,
  author = {D. R. Karger},
  year = {1995},
  pages = {321-328},
  title = {A randomized linear-time algorithm to find minimum spanning trees},
  booktitle = {Journal of the ACM, 42(2)}
}
@inproceedings{AH76:1,
  author = {A. V. Aho},
  year = {1976},
  pages = {115-132},
  title = {On finding lowest common ancestor in trees},
  booktitle = {SIAM Journal on Computing, 5(1)}
}
@inproceedings{G90:1,
  author = {H. N. Gabow},
  year = {1990},
  pages = {434-443},
  title = {Data structure for weighted matching and nearest common ancestors with linking},
  booktitle = {In Proceedings of the 1 st Annual ACM Symposium on Discrete Algorithms (SODA)}
}
@inproceedings{TZ01:1,
  author = {M. Thorup and U. Zwick},
  year = {2001},
  pages = {1-10},
  title = {Compact routing schemes},
  booktitle = {In Proceedings of the 13 th ACM Symposium on Parallel Algorithms and Architectures (SPAA)}
}
@incollection{MT12:1,
  doi = {10.1007/978-3-642-31927-3_15},
  url = {https://doi.org/10.1007/978-3-642-31927-3_15},
  year  = {2012},
  publisher = {Springer Berlin Heidelberg},
  pages = {168--178},
  author = {Wellington S. Martins and Thiago F. Rangel and Divino C. S. Lucas and Elias B. Ferreira and Edson N. Caceres},
  title = {Phylogenetic Distance Computation Using {CUDA}},
  booktitle = {Advances in Bioinformatics and Computational Biology}
}
