@inbook{CB61,
  author       = {C. Berge}, 
  title        = {Färbung von Graphen, deren sämtliche beziehungsweise deren ungerade Kreise starr sind},
  pages        = {114},
  publisher    = {Wissenschaftliche Zeitschrift der Martin-Luther-Universität Halle-Wittenberg, Mathematisch-naturwissenschaftliche Reihe},
  year         = 1961
}
@article{LL72,
  doi = {10.1016/0012-365x(72)90006-4},
  url = {https://doi.org/10.1016/0012-365x(72)90006-4},
  year = {1972},
  month = jun,
  publisher = {Elsevier {BV}},
  volume = {2},
  number = {3},
  pages = {253--267},
  author = {L. Lov{\'{a}}sz},
  title = {Normal hypergraphs and the perfect graph conjecture},
  journal = {Discrete Mathematics}
}
@article{MC06,
  doi = {10.4007/annals.2006.164.51},
  url = {https://doi.org/10.4007/annals.2006.164.51},
  year = {2006},
  month = jul,
  publisher = {Annals of Mathematics,  Princeton U},
  volume = {164},
  number = {1},
  pages = {51--229},
  author = {Maria Chudnovsky and Neil Robertson and Paul Seymour and Robin Thomas},
  title = {The strong perfect graph theorem},
  journal = {Annals of Mathematics}
}
@article{GC03,
  doi = {10.4007/annals.2006.164.51},
  url = {https://www.andrew.cmu.edu/user/gc0v/webpub/optima.pdf},
  year = {2003},
  month = jun,
  publisher = {Mathematical Optimization Society},
  volume = {70},
  pages = {2--6},
  author = {G. Cornuéjols},
  title = {The strong perfect graph theorem},
  journal = {Optima}
}
@article{RR01,
  doi = {10.1006/jctb.2001.2044},
  url = {https://doi.org/10.1006/jctb.2001.2044},
  year = {2001},
  month = nov,
  publisher = {Elsevier {BV}},
  volume = {83},
  number = {2},
  pages = {171--190},
  author = {F. Roussel and P. Rubio},
  title = {About Skew Partitions in Minimal Imperfect Graphs},
  journal = {Journal of Combinatorial Theory,  Series B}
}
@article{MC05,
  doi = {10.1007/s00493-005-0012-8},
  url = {https://doi.org/10.1007/s00493-005-0012-8},
  year = {2005},
  month = mar,
  publisher = {Springer Science and Business Media {LLC}},
  volume = {25},
  number = {2},
  pages = {143--186},
  author = {Maria Chudnovsky and G{\'{e}}rard Cornu{\'{e}}jols and Xinming Liu and Paul Seymour and Kristina Vu{\v{s}}kovi{\'{c}}},
  title = {Recognizing Berge Graphs},
  journal = {Combinatorica}
}
@Book{BB98,
 author = {{Béla Bollobás}},
 title = {Modern graph theory},
 publisher = {Springer},
 year = {1998},
 address = {New York},
 isbn = {978-0-387-98488-9}
 }

 @article{Mycielski1955,
  doi = {10.4064/cm-3-2-161-162},
  url = {https://doi.org/10.4064/cm-3-2-161-162},
  year = {1955},
  publisher = {Institute of Mathematics,  Polish Academy of Sciences},
  volume = {3},
  number = {2},
  pages = {161--162},
  author = {Jan Mycielski},
  title = {Sur le coloriage des graphs},
  journal = {Colloquium Mathematicum}
}

@inbook{grotschel1993,
	address = {Berlin, Heidelberg},
	booktitle = {Geometric {Algorithms} and {Combinatorial} {Optimization}},
  title = {Stable Sets in Graphs},
  pages = {273-303},
  chapter = 9,
	isbn = {9783642782404},
	url = {https://doi.org/10.1007/978-3-642-78240-4},
	publisher = {Springer Berlin Heidelberg},
	author = {Grötschel, Martin and Lovász, László and Schrijver, Alexander},
	year = {1993},
}